@article{wang2017review,
  title={A review of contemporary e-voting: Requirements, technology, systems and usability},
  author={Wang, King-Hang and Mondal, Subrota K and Chan, Ki and Xie, Xiaoheng},
  journal={Data Science and Pattern Recognition},
  volume={1},
  number={1},
  pages={31--47},
  year={2017}
}

@ARTICLE{trustworthy_blockchain,  author={Shahzad, Basit and Crowcroft, Jon},  journal={IEEE Access},   title={Trustworthy Electronic Voting Using Adjusted Blockchain Technology},   year={2019},  volume={7},  number={},  pages={24477-24488},  doi={10.1109/ACCESS.2019.2895670}}

@misc{agora,
  author={Agora},
  title={Agora: Bringing our voting systems into the 21st century},
  year={2017},
  howpublished = "\url{https://www.agora.vote/s/Agora_Whitepaper.pdf}",
  note         = {Accessed: July 26, 2022.}}
}

@article{borda_count,
  title={A smart contract system for decentralized borda count voting},
  author={Panja, Somnath and Bag, Samiran and Hao, Feng and Roy, Bimal},
  journal={IEEE Transactions on Engineering Management},
  volume={67},
  number={4},
  pages={1323--1339},
  year={2020},
  publisher={IEEE}
}

@inproceedings{ovn,
  title={A smart contract for boardroom voting with maximum voter privacy},
  author={McCorry, Patrick and Shahandashti, Siamak F and Hao, Feng},
  booktitle={International conference on financial cryptography and data security},
  pages={357--375},
  year={2017},
  organization={Springer}
}

@inproceedings{chain-voting,
  title={Chain voting},
  author={Jones, Douglas W},
  booktitle={Workshop on Developing an Analysis of Threats to Voting Systems, National Institute of Standards and Technology},
  year={2005}
}

@article{elgamal-threshold,
  title={Security and Fault-tolerance in Distributed System},
  author={Cachin, C},
  journal={IBM Zurich Research Lab},
  year={2007}
}