@article{elgamalthreshold,
  title={bla},
  author={bla author},
  year={2022}
}